@BOOK{Lamport86,
TITLE = "{LaTeX} --- a document preparation system --- userâ€™s guide
and reference manual",
AUTHOR = "Lamport, L.",
PUBLISHER = "Addison-Wesley",
YEAR = "1986"}
@REPORT{Moore95,
TITLE = "How to prepare a dissertation in LaTeX",
AUTHOR = "Moore, S.W.",
YEAR = "1995"}
@book{rojas2002first,
  title={The first computers: History and architectures},
  author={Rojas, Ra{\'u}l and Hashagen, Ulf},
  year={2002},
  publisher={MIT press}
}
@misc{physx,
  title = {PhysX},
  key = {PhysX},
  howpublished = {\url{https://www.nvidia.com/en-gb/drivers/physx/physx-9-19-0218-driver/}},
  note = {Accessed: 2023-10-12}
}
@misc{box2d,
  title = {Box2D},
  key = {Box2D},
  howpublished = {\url{https://box2d.org/}},
  note = {Accessed: 2023-10-12}
}
@misc{bullet,
  title = {Bullet},
  key = {Bullet},
  howpublished = {\url{https://github.com/bulletphysics/bullet3}},
  note = {Accessed: 2023-10-12}
}
@misc{blender,
  title = {Blender},
  key = {Blender},
  howpublished = {\url{https://www.blender.org/}},
  note = {Accessed: 2023-10-12}
}
@misc{tutorialyt,
  title = {3D Physics Engine Tutorial},
  key = {3D Physics Engine Tutorial},
  howpublished = {\url{https://www.youtube.com/playlist?list=PLEETnX-uPtBXm1KEr_2zQ6K_0hoGH6JJ0}},
  note = {Accessed: 2023-10-12}
}
@misc{cuda,
  title = {CUDA},
  key = {CUDA},
  howpublished = {\url{https://developer.nvidia.com/cuda-toolkit}},
  note = {Accessed: 2023-10-12}
}
@article{seugling2006evaluation,
  title={Evaluation of physics engines and implementation of a physics module in a 3d-authoring tool},
  author={Seugling, Axel and R{\"o}lin, Martin},
  journal={Umea University},
  volume={2},
  year={2006},
  publisher={Citeseer}
}